@book{RichardsFord2020,
  author    = {Richards, Mark and Ford, Neal},
  title     = {Handbuch Moderner Softwarearchitektur: Architekturstile, Patterns und Best Practices},
  publisher = {O'Reilly Verlag GmbH \& Co. KG},
  year      = {2020},
  url       = {http://ebookcentral.proquest.com/lib/hsravwein-ebooks/detail.action?docID=6426593},
  urldate   = {2024-04-27},
  note      = {Zugriff Ã¼ber ProQuest Ebook Central}
}
